@misc{latex,
  author = {\LaTeX},
  title  = {A Document Preparation System},
  note   = {(consulté le 15 février 2017)}
}

@misc{website:commentcamarche,
  author = {Matthias Gelbmann},
  title  = {{Ubuntu became the most popular Linux distribution for web servers, Site, [en ligne]}},
  year = {(consulté le 15 février 2017)},
  howpublished = "\href{https://w3techs.com/blog/entry/ubuntu_became_the_most_popular_linux_distribution_for_web_servers}{http://www.w3techs.com}"
}

@misc{website:ducea,
  author = {Marius Ducea},
  title  = {{Apache Tips \& Tricks: Hide Apache Software Version, Site, [en ligne]}},
  year = {(consulté le 17 mai 2017)},
  howpublished = "\href{http://www.ducea.com/2006/06/15/apache-tips-tricks-hide-apache-software-version/}{http://www.ducea.com}"
}

@misc{website:linode,
  author = {Elle Krout},
  title  = {{Apache Web Server on Debian 8 (Jessie), Site, [en ligne]}},
  year = {(consulté le 17 mai 2017)},
  howpublished = "\href{https://www.linode.com/docs/web-servers/apache/apache-web-server-debian-8/}{https://www.linode.com}"
}

@misc{website:justincoutarel,
  author = {Justin Coutarel},
  title  = {{Installation du serveur Web Apache sur un serveur dédié Kimsufi sous Ubuntu Server 14.04 LTS, Site, [en ligne]}},
  year = {(consulté le 17 mai 2017)},
  howpublished = "\\\href{https://justincoutarel.fr/2014/05/installation-du-serveur-web-apache-sur-un-serveur-dedie-kimsufi-sous-ubuntu-server-14-04-lts/}{https://justincoutarel.fr}"
}

@misc{website:ntp1,
  author = {{ruchi}},
  title  = {{NTP Server and Client Configuration in debian, Site, [en ligne]}},
  year = {(consulté le 23 mars 2017)},
  howpublished = "\href{http://www.debianadmin.com/ntp-server-and-client-configuration-in-debian.html}{http://www.debianadmin.com}"
}

@misc{website:ntp2,
  author = {{The Debian Community}},
  title  = {{NTP, Site, [en ligne]}},
  year = {(consulté le 23 mars 2017)},
  howpublished = "\\\href{https://wiki.debian.org/NTP}{https://wiki.debian.org/NTP}"
}

@misc{website:ntp3,
  author = {{The Debian Support}},
  title  = {{Configuration serveur NTP, Site, [en ligne]}},
  year = {(consulté le 23 mars 2017)},
  howpublished = "\href{https://www.debian-fr.org/t/configuration-serveur-ntp/18439}{https://www.debian-fr.org}"
}

@misc{website:ntp4,
  author = {{meuh}},
  title  = {{NTP - Clock is not syncing to low stratum server, Site, [en ligne]}},
  year = {(consulté le 28 mars 2017)},
  howpublished = "\href{http://stackoverflow.com/questions/32483443/ntp-clock-is-not-syncing-to-low-stratum-server}{http://stackoverflow.com}"
}
